<record><leader>02678cam a2200373 i 4500</leader><controlfield tag="001">6808266</controlfield><controlfield tag="003">OCoLC</controlfield><controlfield tag="005">20150203161042.0</controlfield><controlfield tag="008">140714s2015    wau           000 p eng  </controlfield><datafield ind1=" " ind2=" " tag="010"><subfield code="a">  2014027885</subfield></datafield><datafield ind1=" " ind2=" " tag="020"><subfield code="a">9781556594441 (paperback)</subfield></datafield><datafield ind1=" " ind2=" " tag="020"><subfield code="a">1556594445 (paperback)</subfield></datafield><datafield ind1=" " ind2=" " tag="035"><subfield code="a">ocn875253239</subfield></datafield><datafield ind1=" " ind2=" " tag="040"><subfield code="a">DLC</subfield><subfield code="b">eng</subfield><subfield code="e">rda</subfield><subfield code="c">DLC</subfield><subfield code="d">BTCTA</subfield><subfield code="d">BDX</subfield><subfield code="d">YDXCP</subfield><subfield code="d">LF3</subfield><subfield code="d">OCLCF</subfield><subfield code="d">UAB</subfield><subfield code="d">AEU</subfield></datafield><datafield ind1="1" ind2=" " tag="041"><subfield code="a">eng</subfield><subfield code="h">spa</subfield></datafield><datafield ind1=" " ind2=" " tag="042"><subfield code="a">pcc</subfield></datafield><datafield ind1=" " ind2=" " tag="043"><subfield code="a">s-cl---</subfield></datafield><datafield ind1="0" ind2="0" tag="050"><subfield code="a">PQ8097.N4</subfield><subfield code="b">A7513 2015</subfield></datafield><datafield ind1="0" ind2="0" tag="082"><subfield code="a">861/.62</subfield><subfield code="2">23</subfield></datafield><datafield ind1=" " ind2=" " tag="090"><subfield code="a">PQ 8097 N4 A713 2015</subfield><subfield code="b">AEU</subfield></datafield><datafield ind1="1" ind2=" " tag="100"><subfield code="a">Neruda, Pablo,</subfield><subfield code="d">1904-1973,</subfield><subfield code="e">author.</subfield></datafield><datafield ind1="1" ind2="0" tag="240"><subfield code="a">Alturas de Macchu Picchu.</subfield><subfield code="l">English</subfield></datafield><datafield ind1="1" ind2="4" tag="245"><subfield code="a">The Heights of Macchu Picchu /</subfield><subfield code="c">Pablo Neruda ; translated by Tom&#225;s Q. Mor&#237;n.</subfield></datafield><datafield ind1=" " ind2="1" tag="264"><subfield code="a">Port Townsend, Washington :</subfield><subfield code="b">Copper Canyon Press,</subfield><subfield code="c">[2015]</subfield></datafield><datafield ind1=" " ind2=" " tag="300"><subfield code="a">xiv, 51 pages ;</subfield><subfield code="c">20 cm</subfield></datafield><datafield ind1=" " ind2=" " tag="336"><subfield code="a">text</subfield><subfield code="2">rdacontent</subfield></datafield><datafield ind1=" " ind2=" " tag="337"><subfield code="a">unmediated</subfield><subfield code="2">rdamedia</subfield></datafield><datafield ind1=" " ind2=" " tag="338"><subfield code="a">volume</subfield><subfield code="2">rdacarrier</subfield></datafield><datafield ind1=" " ind2=" " tag="520"><subfield code="a">""The most important poet of the twentieth century-in any language."-Gabriel Garcia Marquez. 'The Heights of Macchu Picchu' is a poem of ascension. In its final passages, Neruda's poetry jumps from a personal hope to a global one; from a poetry dealing with the poet's heart to a poetry centered on humanity's struggles."-BBC "The Heights of Machu Picchu" has been called Pablo Neruda's greatest contribution to poetry-a search for the "indestructible, imperishable life" in all things. Inspired by his journey to the ancient ruins, Neruda calls the lost Incan civilization to "rise up and be born," and also empowers the people of his time. This new translation by poet Tom&#225;s Q. Mor&#237;n includes an introduction by Mor&#237;n and Neruda's Spanish original. I stare at the clothes and hands, the carvings of water in a sonorous hollow, the wall rubbed smooth by the touch of a face that with my eyes gazed at the earthly lights, that with my hands oiled the vanished planks: because everything, clothes, skin, dishes, words, wine, breads, went away, fell to the earth. Pablo Neruda (1904-73), one of the world's most beloved poets, was also a diplomat and member of the Chilean Senate. In 1970 he was appointed as Chile's ambassador to France; in 1971 he was awarded the Nobel Prize in Literature. Tom&#225;s Q. Mor&#237;n is a poet and translator and teaches at Texas State University."--</subfield><subfield code="c">Provided by publisher.</subfield></datafield><datafield ind1=" " ind2=" " tag="596"><subfield code="a">43</subfield></datafield><datafield ind1=" " ind2="0" tag="650"><subfield code="a">Chilean poetry</subfield><subfield code="y">20th century.</subfield></datafield><datafield ind1="1" ind2=" " tag="700"><subfield code="a">Mor&#237;n, Tom&#225;s Q.,</subfield><subfield code="e">translator.</subfield></datafield><datafield ind1=" " ind2=" " tag="949"><subfield code="a">PQ 8097 N4 A713 2015</subfield><subfield code="h">UAHS-B</subfield><subfield code="i">0162035238532</subfield></datafield><datafield ind1=" " ind2=" " tag="926"><subfield code="a">PQ 8097 N4 A713 2015</subfield><subfield code="w">LC</subfield><subfield code="c">1</subfield><subfield code="i">0162035238532</subfield><subfield code="d">11/7/2016</subfield><subfield code="e">10/3/2016</subfield><subfield code="l">ON_SHELF</subfield><subfield code="m">UAHSS</subfield><subfield code="n">5</subfield><subfield code="p">$150.00</subfield><subfield code="r">Y</subfield><subfield code="s">Y</subfield><subfield code="t">BOOK</subfield><subfield code="u">2/19/2015</subfield></datafield></record>